
@article{
doi:10.1073/pnas.1222339110,
author = {Quan-Xing Liu  and Arjen Doelman  and Vivi Rottsch√§fer  and Monique de Jager  and Peter M. J. Herman  and Max Rietkerk  and Johan van de Koppel },
title = {Phase separation explains a new class of self-organized spatial patterns in ecological systems},
journal = {Proceedings of the National Academy of Sciences},
volume = {110},
number = {29},
pages = {11905-11910},
year = {2013},
doi = {10.1073/pnas.1222339110},
URL = {https://www.pnas.org/doi/abs/10.1073/pnas.1222339110},
eprint = {https://www.pnas.org/doi/pdf/10.1073/pnas.1222339110}
}

@article{PhysRevE.48.2553,
  title = {Theory of continuum random walks and application to chemotaxis},
  author = {Schnitzer, Mark J.},
  journal = {Phys. Rev. E},
  volume = {48},
  issue = {4},
  pages = {2553--2568},
  numpages = {0},
  year = {1993},
  month = {Oct},
  publisher = {American Physical Society},
  doi = {10.1103/PhysRevE.48.2553},
  url = {https://link.aps.org/doi/10.1103/PhysRevE.48.2553}
}


@unpublished{LeanderGit,
  title={My project directory},
  author={Leander Post},
  year={2023},
  url = {https://github.com/leanderHB/MathBio}
}

@book{murray2002mathematical,
  title={Mathematical Biology},
  author={Murray, James D.},
  year={2002},
  edition={3rd},
  publisher={Springer}
}

@misc{Rohatgi2022,
  url = {https://automeris.io/WebPlotDigitizer},
  author = {Rohatgi,  Ankit},
  title = {Webplotdigitizer: Version 4.6},
  year = {2022}
}
